
@book{shapiro_computer_2001,
  address = {Upper Saddle River, NJ},
  title = {Computer Vision},
  isbn = {978-0-13-030796-5},
  lccn = {TA1634 .S48 2001},
  timestamp = {2017-06-14T00:23:20Z},
  publisher = {{Prentice Hall}},
  author = {Shapiro, Linda G. and Stockman, George C.},
  year = {2001},
  keywords = {Computer vision},
  file = {cc-12.pdf:C\:\\Users\\JoaoNeto\\AppData\\Roaming\\Zotero\\Zotero\\Profiles\\y422qjyz.default\\zotero\\storage\\FNK4NZ23\\cc-12.pdf:application/pdf}
}

@misc{_about_????,
  title = {About {{FFmpeg}}},
  timestamp = {2017-06-14T12:18:09Z},
  urldate = {2017-06-14},
  howpublished = {\url{https://ffmpeg.org/about.html}},
  file = {About FFmpeg:C\:\\Users\\JoaoNeto\\AppData\\Roaming\\Zotero\\Zotero\\Profiles\\y422qjyz.default\\zotero\\storage\\MGWQHF79\\about.html:text/html}
}

@misc{_java_????,
  title = {Java - {{OpenCV}} ({{JavaCV}}) vs {{OpenCV}} ({{C}}/{{C}}++ Interfaces) - {{Stack Overflow}}},
  timestamp = {2017-06-14T12:19:54Z},
  urldate = {2017-06-14},
  howpublished = {\url{https://stackoverflow.com/questions/21207755/opencv-javacv-vs-opencv-c-c-interfaces}},
  file = {Snapshot:C\:\\Users\\JoaoNeto\\AppData\\Roaming\\Zotero\\Zotero\\Profiles\\y422qjyz.default\\zotero\\storage\\44PATV76\\opencv-javacv-vs-opencv-c-c-interfaces.html:text/html}
}

@misc{_javacpp:_2017,
  title = {Javacpp: {{The}} Missing Bridge between {{Java}} and Native {{C}}++},
  shorttitle = {Javacpp},
  timestamp = {2017-06-14T12:25:26Z},
  publisher = {{Bytedeco}},
  month = jun,
  year = {2017},
  file = {Snapshot:C\:\\Users\\JoaoNeto\\AppData\\Roaming\\Zotero\\Zotero\\Profiles\\y422qjyz.default\\zotero\\storage\\38U22MA9\\javacpp.html:text/html}
}

@misc{_kinect_????,
  title = {Kinect and {{OpenNI}} \textemdash{} {{OpenCV}} 2.4.13.2 Documentation},
  timestamp = {2017-06-14T12:25:29Z},
  urldate = {2017-06-14},
  howpublished = {\url{http://docs.opencv.org/2.4.13.2/doc/user_guide/ug_kinect.html}},
  file = {Kinect and OpenNI â€” OpenCV 2.4.13.2 documentation:C\:\\Users\\JoaoNeto\\AppData\\Roaming\\Zotero\\Zotero\\Profiles\\y422qjyz.default\\zotero\\storage\\J66UNKVF\\ug_kinect.html:text/html}
}

@misc{_javacpp-presets:_2017,
  title = {Javacpp-Presets: {{The}} Missing Bridge between {{Java}} and Native {{C}}++ Libraries},
  shorttitle = {Javacpp-Presets},
  timestamp = {2017-06-14T12:25:33Z},
  publisher = {{Bytedeco}},
  month = jun,
  year = {2017},
  file = {Snapshot:C\:\\Users\\JoaoNeto\\AppData\\Roaming\\Zotero\\Zotero\\Profiles\\y422qjyz.default\\zotero\\storage\\B9UUHMFU\\javacpp-presets.html:text/html}
}

@misc{_about_????-1,
  title = {About - {{OpenCV}} Library},
  timestamp = {2017-06-14T12:25:35Z},
  urldate = {2017-06-14},
  howpublished = {\url{http://opencv.org/about.html}},
  file = {About - OpenCV library:C\:\\Users\\JoaoNeto\\AppData\\Roaming\\Zotero\\Zotero\\Profiles\\y422qjyz.default\\zotero\\storage\\PEKEEHPW\\about.html:text/html}
}


