
@book{shapiro_computer_2001,
  address = {Upper Saddle River, NJ},
  title = {Computer Vision},
  isbn = {978-0-13-030796-5},
  lccn = {TA1634 .S48 2001},
  timestamp = {2017-06-14T00:23:20Z},
  publisher = {{Prentice Hall}},
  author = {Shapiro, Linda G. and Stockman, George C.},
  year = {2001},
  keywords = {Computer vision},
  file = {cc-12.pdf:C\:\\Users\\JoaoNeto\\AppData\\Roaming\\Zotero\\Zotero\\Profiles\\y422qjyz.default\\zotero\\storage\\FNK4NZ23\\cc-12.pdf:application/pdf}
}


